<?xml version="1.0" encoding="UTF-8"?><collection xmlns="http://www.loc.gov/MARC21/slim"><record><leader>00432nam--2200145-i-4500</leader><controlfield tag="001">000003361</controlfield><controlfield tag="002">20161230</controlfield><controlfield tag="005">20161230201025</controlfield><controlfield tag="008">060222s1000------------r-----000-0-eng-d</controlfield><datafield ind1=" " ind2=" " tag="080"><subfield code="a">531</subfield></datafield><datafield ind1=" " ind2=" " tag="100"><subfield code="a">Bruhat, G</subfield></datafield><datafield ind1=" " ind2=" " tag="245"><subfield code="a">Mecanique.quatrieme edition revue</subfield></datafield><datafield ind1=" " ind2=" " tag="260"><subfield code="a">Paris, Masson &amp; C-ie, 1948. Viii + 710 P</subfield></datafield><datafield ind1=" " ind2=" " tag="490"><subfield code="a">Cours De Physique Generale A L Usage De L Ense Ignement Superieur Scientifique Et Technique</subfield></datafield><datafield ind1=" " ind2=" " tag="852"><subfield code="a">20779</subfield></datafield></record></collection>